@BOOK{obespech-bezopasnosti,
  author    = {Полякова Л.А., Прожерин В.Г., Савченко Я.И.}, 
  title     = {Средства инженерно-технического обеспечения охраны объектов},
  publisher = {СПб: Университет ИТМО},
  year      = {2014},
  pagetotal = {56}
}

@article{Liu_2022,
  doi = {10.1088/1755-1315/983/1/012025},
  url = {https://dx.doi.org/10.1088/1755-1315/983/1/012025},
  year = {2022},
  month = {feb},
  publisher = {IOP Publishing},
  volume = {983},
  number = {1},
  pages = {012025},
  author = {Hui Liu and Hao Shen and Wenbin Ci and Zhao Qi and Chao Zhou and Jinxia Yao and Qinghe Shen and Chuanbin Liu},
  title = {Effects of the distance and test angle on the precision of infrared temperature measurement},
  journal = {IOP Conference Series: Earth and Environmental Science},
}

@article{optical-prisnaki,
  title={Проблемы технического зрения в современных авиационных системах},
  author={Ю. В. Визильтер, С. Ю. Желтов},
  journal={Техническое зрение в системах управления мобильными объектами},
  publisher = {КДУ},
  year={2010},
  volume={4},
  pages={11 - 44}
}

@article{insarov,
  title={Использование градиентного подхода в задаче выделения контуров крупных техногенных объектов на изображениях многообъектных наземных сцен},
  author={Инсаров В.В., Тихонова С.В.},
  journal={Мехатроника, автоматизация, управление},
  year={2015},
  volume={6},
  pages={415 - 420},
  url={https://doi.org/10.17587/mau.16.415-421}
}

@BOOK{rasposnavanie,
  author    = {Местецкий Л. М.}, 
  title     = {Математические методы распознавания образов},
  publisher = {Курс лекций, МГУ, ВМиК, кафедра «Математические методы прогнозирования»},
  year      = {2004},
}

@article{Krizhevsky2012ImageNetCW,
  title={ImageNet classification with deep convolutional neural networks},
  author={Alex Krizhevsky and Ilya Sutskever and Geoffrey E. Hinton},
  journal={Communications of the ACM},
  year={2012},
  volume={60},
  pages={84 - 90},
  url={https://api.semanticscholar.org/CorpusID:195908774}
}

@INPROCEEDINGS{ACF,
  author={Bin Yang and Yan, Junjie and Lei, Zhen and Li, Stan Z.},
  booktitle={IEEE International Joint Conference on Biometrics}, 
  title={Aggregate channel features for multi-view face detection}, 
  year={2014},
  volume={},
  number={},
  pages={1-8},
  doi={10.1109/BTAS.2014.6996284}
  }

@INPROCEEDINGS{DPM,
  author={Felzenszwalb, Pedro F. and Girshick, Ross B. and McAllester, David},
  booktitle={2010 IEEE Computer Society Conference on Computer Vision and Pattern Recognition}, 
  title={Cascade object detection with deformable part models}, 
  year={2010},
  volume={},
  number={},
  pages={2241-2248},
  doi={10.1109/CVPR.2010.5539906}
  }

@ARTICLE{random-forest,
  author={González, Alejandro and Vázquez, David and López, Antonio M. and Amores, Jaume},
  journal={IEEE Transactions on Cybernetics}, 
  title={On-Board Object Detection: Multicue, Multimodal, and Multiview Random Forest of Local Experts}, 
  year={2017},
  volume={47},
  number={11},
  pages={3980-3990},
  doi={10.1109/TCYB.2016.2593940}
  }
  
  @article{Brutzer2011EvaluationOB,
  title={Evaluation of background subtraction techniques for video surveillance},
  author={Sebastian Brutzer and Benjamin H{\"o}ferlin and Gunther Heidemann},
  journal={CVPR 2011},
  year={2011},
  pages={1937-1944},
  url={https://api.semanticscholar.org/CorpusID:206591471}
}

@article{cof,
  title={АЛГОРИТМ РАСПОЗНАВАНИЯ ЛЕТАЮЩИХ ОБЪЕКТОВ В ОПТИЧЕСКОМ ВИДЕОПОТОКЕ В УСЛОВИЯХ ДИНАМИЧЕСКИ ИЗМЕНЯЮЩЕГОСЯ ФОНА},
  author={Гришин Н.А., Баззаев А.Ф.},
  journal={Вестник Концерна ВКО Алмаз-Антей},
  year={2022},
  volume={3 (42)},
  url={https://cyberleninka.ru/article/n/algoritm-raspoznavaniya-letayuschih-obektov-v-opticheskom-videopotoke-v-usloviyah-dinamicheski-izmenyayuschegosya-fona}
}

@inbook{fleet,
author = {Fleet, David and Weiss, Y},
year = {2006},
month = {01},
pages = {},
title = {Handbook of Mathematical Models in Computer Vision}
}


% Examples from https://verbosus.com/bibtex-style-examples.html
@ARTICLE{Article,
  author   = {Peter Adams},
  title    = {The title of the work},
  journal  = {The name of the journal},
  year     = {1993},
  number   = {2},
  pages    = {201-213},
  month    = {7},
  volume   = {4},
  hyphenation = {english}
}

@BOOK{Book,
  author    = {Peter Babington}, 
  title     = {The title of the work},
  publisher = {The name of the publisher},
  year      = {1993},
  volume    = {4},
  series    = {10},
  address   = {The address},
  edition   = {3},
  month     = {7},
  pagetotal = {255},
  isbn      = {3257227892},
  hyphenation  = {english}
}

@BOOKLET{Booklet,
  title        = {The title of the work},
  author       = {Peter Caxton}, 
  address      = {The address of the publisher},
  month        = {7},
  year         = {1993},
  pagetotal = {255},
  hyphenation     = {english}
}

@CONFERENCE{Conference,
  author       = {Peter Draper}, 
  title        = {The title of the work},
  booktitle    = {The title of the book},
  year         = {1993},
  editor       = {The editor},
  volume       = {4},
  series       = {5},
  pagetotal = {255},
  address      = {The address of the publisher},
  month        = {7},
  organization = {The organization},
  publisher    = {The publisher},
  hyphenation     = {english}
}

@article{Naidenova2017,
author={Naidenova, X. and Buzmakov, A. and Parkhomenko, V. and Schukin, A.},
title={Notes on relation between symbolic classifiers},
journal={CEUR Workshop Proceedings},
year={2017},
volume={1921},
pages={88--103},
editor={Watson B.W., Kuznetsov S.O.},
publisher={CEUR-WS},
  hyphenation     = {english},
abbrev_source_title={CEUR Workshop Proc.},
document_type={Conference Paper},
source={Scopus},
url={http://ceur-ws.org/Vol-1921/paper9.pdf},
  urldate= {2017-12-19}
}

@BOOK{Ganter1999,
  author = {Ganter, B and Wille, R},
  title = {Formal concept analysis: mathematical foundations},
  year = {1999},
  publisher = {Springer, Berlin},
  pagetotal = {284},
  hyphenation     = {english}
}


@thesis{Peskov2004-ru,
 author = {Песков, Николай Владимирович},
 title = {Поиск информативных фрагментов описаний объектов в задачах распознавания},
 year = {2004},
 pagetotal = {102},
 location       = {М.},
  hyphenation     = {russian},
  langid={russian},
  language={russian},
  type =         {phdthesis},
  science =      {канд. физ.-мат. наук},
  specialitycode ={05.13.17}
}

@Reference{gost-russian-thesises,
heading = {ГОСТ Р 7.0.11--2011},
title = {Система стандартов по информации, библиотечному и издательскому делу. Диссертация и автореферат диссертации. Структура и правила оформления},
media = {text},
specdata = {Введ. 13.12.11},
location = {М.},
publisher = {Стандартинформ},
year = {2012},
pagetotal = {12},
series = {Национальный стандарт Российской Федерации},
hyphenation = {russian}
}

@Reference{gost-russian-bibliography-reference,
heading = {ГОСТ Р 7.0.5--2008},
title = {Система стандартов по информации, библиотечному и издательскому делу. Библиографическая ссылка. Общие требования и правила оформления},
media = {text},
specdata = {Введ. 28.04.08},
location = {М.},
publisher = {Стандартинформ},
year = {2008},
pagetotal = {41},
series = {Национальный стандарт Российской Федерации},
hyphenation = {russian}
}

@Book{avtonomova:fya,
author = {Н. С. Автономова},
title = {Философский язык Жака Деррида},
year = {2011},
publisher = {Российская политическая энциклопедия (РОССПЭН)},
location = {М.},
isbn = {978-5-8243-1618-6},
series = {Российские Пропилеи},
pagetotal = {510},
hyphenation = {russian}
}

@Online{ca-pr,
  title= {Publisher Relations of Clarivate Analytics},
  url =          {https://clarivate.com/products/publisher-relations/},
  urldate =      {2019-03-06},
  hyphenation =     {english}
}

@Online{ca-wos-bci,
  title= {The Selection Process for the Book Citation Index in Web Of Science},
  author={Testa, James},
  url =          {https://clarivate.com/essays/selection-process-book-citation-index-web-science/},
  urldate =      {2019-03-06},
  hyphenation =     {english}
}

@Book{Kotelnikov2004,
  title= {LaTeX in Russian},
  author = {Kotelnikov, I. A. and Chebotaev, P. Z.},
  url =          {http://www.tex.uniyar.ac.ru/doc/kotelnikovchebotaev2004b.pdf},
  urldate =      {2019-03-06},
  edition = {3},
  year = {2004},
  hyphenation =     {english},
  location = {Novosibirsk},
  publisher = {Sibiskiy Hronograph},
  note = {in Russian},
  pagetotal = {496}
}
